<?xml version="1.0" encoding="UTF-8"?>
<record xmlns="http://www.loc.gov/MARC21/slim" xmlns:xsi="http://www.w3.org/2001/XMLSchema-instance" xsi:schemaLocation="http://www.loc.gov/MARC21/slim http://www.loc.gov/standards/marcxml/schema/MARC21slim.xsd">
<leader>     nam a2200337 a 4500</leader>
<controlfield tag="001">002049858</controlfield>
<controlfield tag="003">NNU</controlfield>
<controlfield tag="005">19940725150406.0</controlfield>
<controlfield tag="008">930104s1923    le            000 0 ara d</controlfield>
<datafield tag="035" ind1="9" ind2=" ">
<subfield code="a">NYUb11002758</subfield>
</datafield>
<datafield tag="035" ind1=" " ind2=" ">
<subfield code="a">(CStRLIN)NYUG93-B128</subfield>
</datafield>
<datafield tag="035" ind1=" " ind2=" ">
<subfield code="a">GLIS01002758X</subfield>
</datafield>
<datafield tag="040" ind1=" " ind2=" ">
<subfield code="a">NNU</subfield>
<subfield code="c">NNU</subfield>
</datafield>
<datafield tag="041" ind1="1" ind2=" ">
<subfield code="a">ara</subfield>
<subfield code="h">per</subfield>
</datafield>
<datafield tag="090" ind1=" " ind2=" ">
<subfield code="i">01/04/93 CT</subfield>
</datafield>
<datafield tag="130" ind1="0" ind2=" ">
<subfield code="a">Kalīlah wa-Dimnah.</subfield>
</datafield>
<datafield tag="245" ind1="1" ind2="0">
<subfield code="a">Aqdam nuskhah makhṭūṭah muʼarrakhah li-kitāb Kalīlah wa-Dimnah /</subfield>
<subfield code="c">ʻuniya bi-nashrihā Lūwīs Shaykhū.</subfield>
</datafield>
<datafield tag="250" ind1=" " ind2=" ">
<subfield code="a">Ṭabʻah 2., muṣaḥḥaḥah.</subfield>
</datafield>
<datafield tag="260" ind1=" " ind2=" ">
<subfield code="a">Beirut:</subfield>
<subfield code="b">Imprimerie catholique,</subfield>
<subfield code="c">1923.</subfield>
</datafield>
<datafield tag="300" ind1=" " ind2=" ">
<subfield code="a">290, 76 p. ;</subfield>
<subfield code="c">24 cm.</subfield>
</datafield>
<datafield tag="500" ind1=" " ind2=" ">
<subfield code="a">Text in Arabic; preface and notes in French.</subfield>
</datafield>
<datafield tag="500" ind1=" " ind2=" ">
<subfield code="a">Translated from Persian by Ibn al-Muqaffaʻ.</subfield>
</datafield>
<datafield tag="500" ind1=" " ind2=" ">
<subfield code="a">Title on added t.p. La version arabe de Kalîlah et Dimnah.</subfield>
</datafield>
<datafield tag="500" ind1=" " ind2=" ">
<subfield code="a">"Accompagnée par Zu Kalila wa Dimna von Theodor Nöldeke, ein kritischer Beitrag."</subfield>
</datafield>
<datafield tag="630" ind1="0" ind2="0">
<subfield code="a">Kalīlah wa-Dimnah.</subfield>
</datafield>
<datafield tag="700" ind1="1" ind2="2">
<subfield code="a">Nöldeke, Theodor,</subfield>
<subfield code="d">1836-1930.</subfield>
<subfield code="t">Kalīla waDimna.</subfield>
<subfield code="f">1981.</subfield>
</datafield>
<datafield tag="700" ind1="0" ind2=" ">
<subfield code="a">Ibn al-Muqaffaʻ,</subfield>
<subfield code="d">d. ca. 760.</subfield>
</datafield>
<datafield tag="700" ind1="1" ind2=" ">
<subfield code="a">Cheikho, Louis,</subfield>
<subfield code="d">1859-1927.</subfield>
</datafield>
<datafield tag="740" ind1="0" ind2=" ">
<subfield code="a">Version arabe de Kalîlah et Dimnah.</subfield>
</datafield>
<datafield tag="OWN" ind1=" " ind2=" ">
<subfield code="a">GENERAL</subfield>
</datafield>
<datafield tag="950" ind1=" " ind2=" ">
<subfield code="l">BMAIN</subfield>
<subfield code="a">PJ7741</subfield>
<subfield code="b">.B5 1923</subfield>
<subfield code="i">01/04/93 C</subfield>
</datafield>
<datafield tag="955" ind1=" " ind2=" ">
<subfield code="l">BMAIN</subfield>
<subfield code="c">1</subfield>
<subfield code="r">016995063</subfield>
<subfield code="i">01/04/93 C</subfield>
</datafield>
<datafield tag="998" ind1=" " ind2=" ">
<subfield code="a">01/04/93</subfield>
<subfield code="t">c</subfield>
<subfield code="s">9114</subfield>
<subfield code="n">NNU</subfield>
<subfield code="d">01/04/93</subfield>
<subfield code="c">MG</subfield>
<subfield code="b">MG</subfield>
<subfield code="i">930104</subfield>
<subfield code="l">NYUG</subfield>
</datafield>
<datafield tag="AVA" ind1=" " ind2=" ">
<subfield code="a">NYU50</subfield>
<subfield code="b">BOBST</subfield>
<subfield code="c">Main Collection</subfield>
<subfield code="d">PJ7741 .B5 1923</subfield>
<subfield code="e">unavailable</subfield>
<subfield code="t">Unavailable</subfield>
<subfield code="f">1</subfield>
<subfield code="g">1</subfield>
<subfield code="h">N</subfield>
<subfield code="i">2</subfield>
<subfield code="j">MAIN</subfield>
</datafield>
</record>
